%% LaTeX2e file `sahil_max_daniel_report.bib'
%% generated by the `filecontents' environment
%% from source `sahil_max_daniel_report' on 2019/12/04.
%%
%-------------------------------------------------------------------------------
@misc{ghadiry_2017, title={Is My Google Home Spying On Me?}, url={https://labs.sogeti.com/google-home-spying/}, journal={SogetiLabs}, author={Ghadiry, Amir}, year={2017}, month={Apr}}

@misc{morgenstern_morgenstern_2018, title={Careless Whisper: Does Amazon Echo send data in silent mode?}, url={https://www.iot-tests.org/2017/06/careless-whisper-does-amazon-echo-send-data-in-silent-mode/}, journal={AV-TEST Internet of Things Security Testing Blog}, author={Morgenstern, Maik and Morgenstern, Maik}, year={2018}, month={Jul}}

@misc{market_reports, title={Global Voice Assistant Market Analysis \& Forecast 2017 To 2023}, url={https://www.marketreportsworld.com/global-voice-assistant-market-analysis-forecast-2017-to-2023-10850832}, journal={market Reports}}

@inproceedings{Diao:2014:YVA:2666620.2666623,
 author = {Diao, Wenrui and Liu, Xiangyu and Zhou, Zhe and Zhang, Kehuan},
 title = {Your Voice Assistant is Mine: How to Abuse Speakers to Steal Information and Control Your Phone},
 booktitle = {Proceedings of the 4th ACM Workshop on Security and Privacy in Smartphones \&\#38; Mobile Devices},
 series = {SPSM '14},
 year = {2014},
 isbn = {978-1-4503-3155-5},
 location = {Scottsdale, Arizona, USA},
 pages = {63--74},
 numpages = {12},
 url = {http://doi.acm.org/10.1145/2666620.2666623},
 doi = {10.1145/2666620.2666623},
 acmid = {2666623},
 publisher = {ACM},
 address = {New York, NY, USA},
 keywords = {android security, permission bypassing, speaker, voice assistant, zero permission attack},
}

@article{DBLP:journals/corr/ApthorpeRF17,
  author    = {Noah Apthorpe and
               Dillon Reisman and
               Nick Feamster},
  title     = {A Smart Home is No Castle: Privacy Vulnerabilities of Encrypted IoT
               Traffic},
  journal   = {CoRR},
  volume    = {abs/1705.06805},
  year      = {2017},
  url       = {http://arxiv.org/abs/1705.06805},
  archivePrefix = {arXiv},
  eprint    = {1705.06805},
  timestamp = {Mon, 13 Aug 2018 16:47:48 +0200},
  biburl    = {https://dblp.org/rec/bib/journals/corr/ApthorpeRF17},
  bibsource = {dblp computer science bibliography, https://dblp.org}
}

